<?xml version="1.0" encoding="UTF-8"?><collection xmlns="http://www.loc.gov/MARC21/slim"><record><leader>00391nam--2200157-i-4500</leader><controlfield tag="001">000008258</controlfield><controlfield tag="002">20161230</controlfield><controlfield tag="005">20170219002930</controlfield><controlfield tag="008">060222s1000------------r-----000-0-eng-d</controlfield><datafield ind1=" " ind2=" " tag="100"><subfield code="a">Dakin, C. J</subfield></datafield><datafield ind1=" " ind2=" " tag="245"><subfield code="a">Circuits for digital equipment</subfield></datafield><datafield ind1=" " ind2=" " tag="260"><subfield code="a">London</subfield><subfield code="b">Iliffe Books Ltd</subfield><subfield code="c">1967</subfield></datafield><datafield ind1=" " ind2=" " tag="300"><subfield code="a">433 p</subfield></datafield><datafield ind1=" " ind2=" " tag="700"><subfield code="a">Cooke, C. E. G</subfield></datafield><datafield ind1=" " ind2=" " tag="852"><subfield code="a">681.3:621.38</subfield></datafield><datafield ind1=" " ind2=" " tag="CAT"><subfield code="a">SYS</subfield><subfield code="c">20170219</subfield><subfield code="h">002930</subfield></datafield></record></collection>